@article{greenwade93,
    author  = "George D. Greenwade",
    title   = "The {C}omprehensive {T}ex {A}rchive {N}etwork ({CTAN})",
    year    = "1993",
    journal = "TUGBoat",
    volume  = "14",
    number  = "3",
    pages   = "342--351"
}

@book{goossens93,
    author    = "Michel Goossens and Frank Mittlebach and Alexander Samarin",
    title     = "The Latex Companion",
    year      = "1993",
    publisher = "Addison-Wesley",
    address   = "Reading, Massachusetts"
}

@book{OliverHeav,
  author        = "Nahin, Paul J.",
  title         = "Oliver Heaviside: The Life, Work, and Times of an Electrical
                  Ge- nius of the Victorian Age",
  publisher     = "Unknown",
  year          = "2002",
  editor        = "",
  volume        = "",
  number        = "",
  series        = "",
  address       = "",
  edition       = "",
  month         = "",
  note          = "ISBN 0801869099"
}

@misc{oliver,
  author        = "Anon",
  title         = "",
  howpublished  = "Website",
  month         = "",
  year          = "",
  note          = "\url{http://en.wikipedia.org/w/index.php?title=Oliver_Heavi
                  side&oldid=357399919}"
}

@book{Grant,
  author        = "I S Grant and W R Phillips",
  title         = "Electromagnetism",
  publisher     = "WileyBlackwell",
  year          = "1990",
  editor        = "",
  volume        = "",
  number        = "",
  series        = "",
  address       = "",
  edition       = "2nd",
  month         = "3 Oct",
  isbn          = "0471927120"  }
  
  @misc{MJSGrapher,
  author        = "Oscar M Gibbs",
  title         = "MJSGrapher08",
  howpublished  = "N/A",
  month         = "",
  year          = "2008",
  note          = "No URI abaliable"  }
  
  @book{Lamport94,
title = "LaTeX: A Document Preparation System",
author = "Leslie Lamport",
publisher = "Addison-Wesley",
address = "Reading, Mass.",
edition = "second",
year = "1994" }

@article{ahu61,
       author={Arrow, Kenneth J. and Leonid Hurwicz and Hirofumi Uzawa},
       title={Constraint qualifications in maximization problems},
       journal={Naval Research Logistics Quarterly},
       volume={8},
       year = 1961,
       pages = {175-191}
     }
