%cv in space
@misc{microgravity,
  author        = "Barmatz, M.",
  title         = "Microgravity Scaling Theory Experiment: MISTE science requirements document",
  howpublished  = "{BEACON eSpace}",
  month         = "24 Aug",
  year          = "2001",
  note          = "D-17083 \url{http://hdl.handle.net/2014/13273}"
}

%Dewar image
@misc{dewarimage,
  author        = "{Shaun Fisher}",
  title         = "Second Sound expt fig",
  howpublished  = "Website",
  month         = "16 Nov",
  year          = "2011",
  note          = "\url{https://ltg-luvle.lancs.ac.uk/10-11/phys/phys352.nsf}"
}

%http://nobelprize.org/nobel_prizes/physics/laureates/1978/kapitsa-bio.html 
@misc{kapitsanobelprize,
  author        = "{Nobelprize.org}",
  title         = "Pyotr Kapitsa - Biography",
  howpublished  = "Website",
  month         = "10 Mar",
  year          = "2011",
  note          = "\url{http://nobelprize.org/nobel_prizes/physics/laureates/1978/kapitsa-bio.html}"
}

%"The Discovery of Superfluidity" by Russell J. Donnelly in Physics Today (July 1995) p. 30 
@article{disofsuper,
    author    = "Russell J. Donnelly",
    title     = "The Discovery of Superfluidity",
    journal   = "Physics Today",
    %volume   = "141",
    %number   = "74",
    pages    = "30",
    year      = "1995",
    month    = "July",
}


%J. F. Allen and A. D. Misener, Nature 141, 75 (1937)
@article{allenandmisenernature,
    author    = "J. F. Allen and A. D. Misener",
    title     = "",
    journal   = "Nature",
    volume   = "141",
    %number   = "",
    %pages    = "",
    year      = "1937",
    %month    = "",
    %note     = "",
}


@book{williams1991nuclear,
  title={{Nuclear and particle physics.}},
  author={Williams, W.S.C.},
  publisher = "Clarendon Press, Oxford",
  year={1991}
}

@article{greenwade93,
    author  = "George D. Greenwade",
    title   = "The {C}omprehensive {T}ex {A}rchive {N}etwork ({CTAN})",
    year    = "1993",
    journal = "TUGBoat",
    volume  = "14",
    number  = "3",
    pages   = "342--351"
}

@book{goossens93,
    author    = "Michel Goossens and Frank Mittlebach and Alexander Samarin",
    title     = "The Latex Companion",
    year      = "1993",
    publisher = "Addison-Wesley",
    address   = "Reading, Massachusetts"
}


@misc{carddandersonnobel,
  author        = "{Nobelprize.org}",
  title         = "Carl D. Anderson - Biography",
  howpublished  = "Website",
  month         = "22 Jan",
  year          = "2011",
  note          = "\url{http://nobelprize.org/nobel_prizes/physics/laureates/1936/anderson-bio.html}"
}



@misc{origin8,
  author        = "{OriginLab Corporation}",
  title         = "{OriginLab}",
  howpublished  = "Website",
  month         = "11/05",
  year          = "2010",
  note          = "\url{http://www.originlab.com/}"
}


@ARTICLE{PDBook,
author = "{K. Nakamura \emph{et al}.}",
title = "{Review of Particle Physics}",
journal = "{The European Physical Journal}",
year = "2010",
volume = "G37",
pages = {1+},
url = {http://pdg.lbl.gov}
}


@misc{muonhishyperphys,
  author        = "{Carl R. (Rod) Nave}",
  title         = "Discovery of the Muon",
  howpublished  = "Website",
  month         = "",
  year          = "2009",
  note          = "\url{http://hyperphysics.phy-astr.gsu.edu/hbase/particles/muonhist.html}"
}

@misc{wolframalphamuons,
  author        = "{Wolfram|Alpha knowledgebase}",
  title         = "muon - WolframAlpha",
  howpublished  = "Website",
  month         = "Wolfram Mathematica ParticleData",
  year          = "2011",
  note          = "\url{http://www.wolframalpha.com/input/?i=muon}"
}



@misc{gimptonemapping,
  author        = "{tasuki}",
  title         = "{GIMP Advanced Tone Mapping}",
  howpublished  = "Website",
  month         = "June 15",
  year          = "2008",
  note          = "\url{http://registry.gimp.org/node/5980}"
}

@misc{ABCScrystalstructure,
  author        = "{Andrew Barron, Carissa Smith}",
  title         = "{Crystal Structure}",
  howpublished  = "Website",
  month         = "Jan 28",
  year          = "2010",
  note          = "\url{http://cnx.org/content/m16927/1.10/}"
}

@article{azaroff1969elements,
  title={{Elements of X-ray Crystallography}},
  author={Az{\'a}roff, L.V. and Zipin, R.B.},
  journal={Physics Today},
  volume={22},
  pages={99},
  year={1969}
}

@misc{ wikispacegroup,
   author = "Wikipedia",
   title = "Space group --- Wikipedia{,} The Free Encyclopedia",
   year = "2010",
   url = "\url{http://en.wikipedia.org/w/index.php?title=Space_group&oldid=395242094}",
   note = "[Online; accessed 15-December-2010]"
 }

@misc{oliver,
  author        = "Anon",
  title         = "",
  howpublished  = "Website",
  month         = "",
  year          = "",
  note          = "\url{http://en.wikipedia.org/w/index.php?title=Oliver_Heavi
                  side&oldid=357399919}"
}

@book{Grant,
  author        = "I S Grant and W R Phillips",
  title         = "Electromagnetism",
  publisher     = "WileyBlackwell",
  year          = "1990",
  editor        = "",
  volume        = "",
  number        = "",
  series        = "",
  address       = "",
  edition       = "2nd",
  month         = "3 Oct",
  isbn          = "0471927120"  }
  
@misc{MJSGrapher,
  author        = "Oscar M Gibbs",
  title         = "MJSGrapher08",
  howpublished  = "N/A",
  month         = "",
  year          = "2008",
  note          = "No URI abaliable"  }
  
@book{Lamport94,
title = "LaTeX: A Document Preparation System",
author = "Leslie Lamport",
publisher = "Addison-Wesley",
address = "Reading, Mass.",
edition = "second",
year = "1994" }

@article{ahu61,
       author={Arrow, Kenneth J. and Leonid Hurwicz and Hirofumi Uzawa},
       title={Constraint qualifications in maximization problems},
       journal={Naval Research Logistics Quarterly},
       volume={8},
       year = 1961,
       pages = {175-191}
     }

@book{kittel1986introduction,
  title={{Introduction to solid state physics}},
  author={Kittel, C. and McEuen, P.},
  volume={5},
  year={1986},
  publisher={Wiley New York},
  page={47}
}
